%% This BibTeX bibliography file was created using BibDesk.
%% http://bibdesk.sourceforge.net/


%% Created for David Guthrie at 2009-11-08 23:59:23 +0000 


%% Saved with string encoding Unicode (UTF-8) 



@inproceedings{talbot-osborne:2007:ACLMain,
	Address = {Prague, Czech Republic},
	Author = {Talbot, David and Osborne, Miles},
	Booktitle = {Proceedings of ACL 07},
	Date-Added = {2009-11-08 21:26:00 +0000},
	Date-Modified = {2009-11-08 23:58:21 +0000},
	Month = {June},
	Pages = {512--519},
	Title = {Randomised Language Modelling for Statistical Machine Translation},
	Url = {http://www.aclweb.org/anthology/P07-1065},
	Year = {2007},
	Bdsk-Url-1 = {http://www.aclweb.org/anthology/P07-1065}}

@misc{Graff2003,
	Author = {David Graff},
	Date-Added = {2009-11-08 21:03:33 +0000},
	Date-Modified = {2009-11-08 21:03:33 +0000},
	Howpublished = {Linguistic Data Consortium, catalog number LDC2003T05},
	Owner = {dguthrie},
	Timestamp = {2007.03.08},
	Title = {{English Gigaword}},
	Year = {2003}}

@misc{GoogleWeb1T,
	Author = {Thorsten Brants and Alex Franz},
	Date-Added = {2009-11-08 21:03:21 +0000},
	Date-Modified = {2009-11-08 21:03:21 +0000},
	Howpublished = {Linguistic Data Consortium, Philadelphia, Catalog No.:LDC2006T13},
	Keywords = {Google 1 Terabyte collection of n gams},
	Month = {September},
	Title = {{Google Web 1T 5-gram Corpus}, version 1},
	Year = {2006}}

@article{CHD-2009,
	Author = {Belazzougui, Djamal and Botelho, Fabiano and Dietzfelbinger, Martin},
	Date-Added = {2009-11-08 20:58:59 +0000},
	Date-Modified = {2009-11-08 20:58:59 +0000},
	Journal = {Algorithms - ESA 2009},
	Keywords = {perfect\_hashing},
	Pages = {682--693},
	Title = {Hash, Displace, and Compress},
	Year = {2009},
	Bdsk-Url-1 = {http://dx.doi.org/10.1007/978-3-642-04128-0_61}}

@inproceedings{Brants-2007,
	Author = {Brants, Thorsten and Popat, Ashok C. and Xu, Peng and Och, Franz J. and Dean, Jeffrey},
	Booktitle = {Proceedings of EMNLP-CoNLL},
	Date-Added = {2009-11-08 20:58:59 +0000},
	Date-Modified = {2009-11-08 23:42:37 +0000},
	Pages = {858--867},
	Title = {Large Language Models in Machine Translation},
	Year = {2007},
	Bdsk-Url-1 = {http://www.aclweb.org/anthology/D/D07/D07-1090}}

@incollection{Botelho1997,
	Author = {Fabiano C. Botelho and Rasmus Pagh and Nivio Ziviani},
	Booktitle = {Proceedings of 10th Workshop on Algorithms and Data Structures},
	Date-Added = {2009-11-08 20:58:59 +0000},
	Date-Modified = {2009-11-08 23:59:19 +0000},
	Pages = {139--150},
	Title = {Simple and Space-Efficient Minimal Perfect Hash Functions},
	Volume = {4619},
	Year = {2007}}

@article{harb,
	Author = {Boulos Harb and Ciprian Chelba and Jeffrey Dean and Sanjay Ghemawat},
	Journal = {Proceedings of Interspeech},
	Pages = {352-355},
	Title = {Back-Off Language Model Compression},
	Year = {2009}}

@article{talbot1,
	Author = {David Talbot and Thorsten Brants},
	Journal = {Proceedings of ACL-08 HLT},
	Pages = {505-513},
	Title = {Randomized Language Models via Perfect Hash Functions},
	Year = {2008}}

@article{joanis,
	Author = {Eric Joanis and Samuel Larkin},
	Date-Modified = {2009-11-08 23:57:19 +0000},
	Journal = {Proceedings of the NAACL HLT},
	Pages = {31-39},
	Title = {Tightly Packed Tries: How to Fit Large Models into Memory, and Make them Load Fast, Too},
	Year = {2009}}

@article{fredkin,
	Address = {New York, NY, USA},
	Author = {Fredkin, Edward},
	Doi = {http://doi.acm.org/10.1145/367390.367400},
	Issn = {0001-0782},
	Journal = {Commun. ACM},
	Number = {9},
	Pages = {490--499},
	Publisher = {ACM},
	Title = {Trie memory},
	Volume = {3},
	Year = {1960},
	Bdsk-Url-1 = {http://doi.acm.org/10.1145/367390.367400}}

@inproceedings{Goodman00l,
	Author = {Joshua Goodman and Jianfeng Gao},
	Booktitle = {In ICSLP'00},
	Pages = {110--113},
	Title = {Language Model Size Reduction By Pruning And Clustering},
	Year = {2000}}

@inproceedings{Gao_improvinglanguage,
	Author = {Criteria Jianfeng Gao and Jianfeng Gao},
	Booktitle = {In Proc. of ACL},
	Pages = {176--182},
	Title = {Improving Language Model Size Reduction using Better Pruning}}

@inproceedings{Jelinek90self-organizedlanguage,
	Author = {F. Jelinek and B. Merialdo and S. Roukos and M. Strauss I},
	Booktitle = {Readings in Speech Recognition},
	Pages = {450--506},
	Publisher = {Morgan Kaufmann},
	Title = {Self-organized language modeling for speech recognition},
	Year = {1990}}

@inproceedings{cmu,
	Author = {Philip Clarkson and Ronald Rosenfeld},
	Pages = {2707--2710},
	Title = {Statistical Language Modeling Using The Cmu-Cambridge Toolkit},
	Year = {1997}}

@inproceedings{Stolcke98entropy,
	Author = {Andreas Stolcke},
	Booktitle = {In Proc. DARPA Broadcast News Transcription and Understanding Workshop},
	Pages = {270-274},
	Title = {Entropy-based Pruning of Backoff Language Models},
	Year = {1998}}

@inproceedings{Stolcke02srilm-,
	Author = {Andreas Stolcke},
	Pages = {901-904},
	Title = {SRILM - An Extensible Language Modeling Toolkit},
	Year = {2002}}

@inproceedings{paul,
	Author = {Bo-June Hsu and James Glass},
	Booktitle = {In Proc. Interspeech},
	Date-Modified = {2009-11-08 20:59:40 +0000},
	Pages = {504-511},
	Title = {Iterative Language Model Estimation:Efficient Data Structure \& Algorithms},
	Year = {2008}}

@inproceedings{Talbot07smoothedbloom,
	Author = {David Talbot and Miles Osborne},
	Booktitle = {In Proc. of ACL},
	Pages = {468--476},
	Title = {Smoothed bloom filter language models: Tera-scale LMs on the cheap},
	Year = {2007}}

@article{bloom,
	Address = {New York, NY, USA},
	Author = {Bloom, Burton H.},
	Doi = {http://doi.acm.org/10.1145/362686.362692},
	Issn = {0001-0782},
	Journal = {Commun. ACM},
	Number = {7},
	Pages = {422--426},
	Publisher = {ACM},
	Title = {Space/time trade-offs in hash coding with allowable errors},
	Volume = {13},
	Year = {1970},
	Bdsk-Url-1 = {http://doi.acm.org/10.1145/362686.362692}}

@inproceedings{bloomier,
	Address = {Philadelphia, PA, USA},
	Author = {Chazelle, Bernard and Kilian, Joe and Rubinfeld, Ronitt and Tal, Ayellet},
	Booktitle = {SODA '04},
	Date-Modified = {2009-11-08 23:43:14 +0000},
	Isbn = {0-89871-558-X},
	Location = {New Orleans, Louisiana},
	Pages = {30--39},
	Title = {The Bloomier filter: an efficient data structure for static support lookup tables},
	Year = {2004}}

@inproceedings{quantization,
	Author = {Edward Whittaker and Bhinksha Raj},
	Institution = {Mitsubishi Electric Research Laboratories, Tech. Rep. TR-2001-41},
	Title = {Quantization-based Language Model Compression},
	Year = {2001}}
